@inproceedings{Rander:1997:VIR:266989.267081,
 author = {Rander, Peter and Narayanan, P. J. and Kanade, Takeo},
 title = {Virtualized Reality: Constructing Time-varying Virtual Worlds from Real World Events},
 booktitle = {Proceedings of the 8th Conference on Visualization '97},
 series = {VIS '97},
 year = {1997},
 isbn = {1-58113-011-2},
 location = {Phoenix, Arizona, USA},
 pages = {277--ff.},
 url = {http://dl.acm.org/citation.cfm?id=266989.267081},
 acmid = {267081},
 publisher = {IEEE Computer Society Press},
 address = {Los Alamitos, CA, USA},
 keywords = {computer vision and scene understanding, dynamic scene analysis, modeling from image sequences, view synthesis, virtual worlds},
} 



@inproceedings{gaspar2014synchronization,
  title={Synchronization of two independently moving cameras without feature correspondences},
  author={Gaspar, Tiago and Oliveira, Paulo and Favaro, Paolo},
  booktitle={European Conference on Computer Vision},
  pages={189--204},
  year={2014},
  organization={Springer}
}

